@manual{inmetro2003,
	Author = {INMETRO},
	Title = {Vocabulário internacional de termos fundamentais e gerais de
	metrologia},
	Year = {2013},
	Address = {Rio de Janeiro, Brasil},
	Pages = {75},
	isbn = {85-87090-90-9},
}

@inproceedings{soviero1997,
	Author = {P. A. O. Soviero and L. G. M. Lavagna},
	Title = {A Numerical Model for Thin Airfoils in Unsteady Motion},
	Year = {1997},
	Pages = {332-340},
	Volume = {19},
	Number = {3},
	Booktitle = {Journal of the Brazilian Societyt Mechanical Sciences},
}

@inproceedings{sparrow1980,
	Author = {E. M. Sparrow},
	Title = {Forced Convection Heat Transfer in a Duct Having Spanwise-Periodic
	Rectangular Protuberances},
	Year = {1980},
	Pages = {149-167},
	Volume = {3},
	Booktitle = {Numerical Heat Transfer},
}

@article{clark1986,
	Author = {J. A. Clark},
	Title = {Private Communication},
	Year = {1986},
	Address = {University of Michigan},
}

@article{arruda2007,
	Author = {M. B. B. Arruda},
	Title = {Como fazer referências: bibliográficas, eletrônicas e demais
	formas de documentos},
	Year = {2007},
	Url = {http://bu.ufsc.br/framerefer.html}
}

@article{coimbra1978,
	Author = {A. L. Coimbra},
	Title = {Lessons of Continuum Mechanics},
	Year = {1978},
	Address = {São Paulo, Brazil},
	Pages = {428},
	Editor = {Edgard Blücher},
}

@inproceedings{bordalo1989,
	Author = {S. N. Bordalo and J. H. Ferziger and S. J. Kline},
	Title = {The Development of Zonal Models for Turbulence},
	Year = {1989},
	Pages = {41-44},
	Booktitle = {Proceedings of the 10th Brazilian Congress of Mechanical
	Engineering},
	Volume = {1},
}

@manual{NBR14724:2011,
	Address = {Rio de Janeiro},
	Date-Added = {2012-12-15 20:34:08 +0000},
	Date-Modified = {2012-12-15 20:35:25 +0000},
	Month = mar,
	Org-Short = {ABNT},
	Organization = {Associa{\c c}\~ao Brasileira de Normas T\'ecnicas},
	Pages = 15,
	Subtitle = {Informa{\c c}\~ao e documenta{\c c}\~ao --- trabalhos acad\^emicos --- apresenta{\c c}\~ao},
	Title = {{NBR} 14724},
	Year = 2011
}

@manual{NBR6034:2000,
	Address = {Rio de Janeiro},
	Org-Short = {ABNT},
	Organization = {Associa{\c c}\~ao Brasileira de Normas T\'ecnicas},
	Subtitle = {Informa{\c c}\~ao e documenta{\c c}\~ao --- Referências},
	Title = {{NBR} 14724},
	Year = 2000
}

@manual{costa,
	Author = {COSTA, A. H. P.},
	Booktitle = {Engenharia de Tráfego: Conceitos Básicos},
	Title = {Agile Software Requirements},
	Year = {2008},
	Url = {http://www.estgv.ipv.pt/PaginasPessoais/vasconcelos/ Documentos/ManualdeAcessibilidades/ManuaisCCDRNmiolo_AF/01EngTrafego_AF.pdf}
}

@manual{mfc,
	Author = {Continental},
	Title = {MFC 2: Multi-Function Camera},
	Year = {2009},
	Url = {http://www.conti-online.com/www/download/industrial_sensors_de_en/themes/download/mfc_2_datasheet_091216_en.pdf}
}

@manual{ministerio,
	Author = {MT, Ministério dos Transportes},
	Title = {Número de acidentes por gravidade da ocorrência},
	Year = {2011},
	Url = {https://189.9.128.64/download/rodovias/operacoes-rodoviarias/estatisticas-de-acidentes/quadro-0101-numerodeacidentesporgravidade-anode2011.pdf}
}

@manual{ctb,
	Author = {CTB},
	Title = {Código de Trânsito Brasileiro},
	Year = {1997},
	Url = {http://www.planalto.gov.br/ccivil_03/LEIS/L9503.htm}
}

@manual{prf,
	Author = {PRF},
	Title = {PRF - Balanço de atividades 2014},
	Year = {2014},
	Url = {https://www.prf.gov.br/portal/noticias/nacionais/prf-balanco-de-atividades-2014}
}

@manual{ipea,
	Author = {IPEA},
	Title = {Instituo de Pesquisa Econômica e Aplicada - Balanço de Acidentes},
	Year = {2014},
	Url = {http://agenciabrasil.ebc.com.br/geral/noticia/2015-09/acidentes-de-transito-nas-rodovias-federais-custaram-r-123-bilhoes-em-2014}
}

@manual{ipea2,
	Author = {IPEA},
	Title = {Instituo de Pesquisa Econômica e Aplicada - Relatório de Acidentes de trânsito},
	Year = {2014},
	Url = {http://www.ipea.gov.br/portal/images/stories/PDFs/relatoriopesquisa/150922_relatorio_acidentes_transito.pdf}
}

@manual{egov,
	Author = {Eduardo Luiz Santos Cabette},
	Title = {Significado de veículo automotor na Lei nº 9.426/96},
	Year = {2007},
	Url = {http://www.egov.ufsc.br/portal/sites/default/files/anexos/13350-13351-1-PB.pdf}
}

@manual{gps,
	Author = {Caio Schamber Junior},
	Title = {GPS - Sistema de Posicionamento Global},
	Year = {2008},
	Url = {http://www.pg.utfpr.edu.br/ppgep/anais/artigos/eng_elet_automacao/36%20GPS%20SISTEMA%20DE%20POSIONAMENTO%20GLOBAL.pdf}
}

@manual{gps2,
	Author = {Flávio Santos},
	Title = {Aplicação Comercial do sistema omnisat da autotrac e qualcomm com o uso de terminais móvies e análise de técnicas de múltiplo acesso em sistemas via satélites},
	Year = {2008},
	Url = {http://repositorio.unb.br/bitstream/10482/6176/1/CD2_Disserta%C3%A7%C3%A3o%20Mestrado_Fl%C3%A1vio%20Santos_356_08.pdf}
}

@manual{gps3,
	Author = {UFES},
	Title = {Fundamentos de GPS - Sistema de posicionamento global},
	Year = {2010},
	Url = {http://repositorio.unb.br/bitstream/10482/6176/1/CD2_Disserta%C3%A7%C3%A3o%20Mestrado_Fl%C3%A1vio%20Santos_356_08.pdf}
}

@manual{transponder,
	Author = {Radio Frequence Identification},
	Title = {Radio Frequence Identification},
	Year = {2008},
	Url = {http://www.gta.ufrj.br/grad/09_1/versao-final/rfid/funcionamento.html}
}

@manual{transponder2,
	Author = {CTB},
	Title = {Código de Trânsito Brasileiro},
	Year = {1997},
	Url = {http://www.ctbdigital.com.br/?p=Comentarios&Registro=51&campo_busca=&artigo=29}
}

@manual{transponder3,
	Author = {Ana Carla dos Santos Oliveira},
	Title = {Tolerância a Falhas para Sistemas Embarcados},
	Year = {2000},
	Url = {www.cin.ufpe.br/~tg/2000-1/acos.doc}
}

@manual{distritec,
	Author = {Distritec},
	Title = {Sistema de detecção de pessoas e/ou objetos por radar},
	Year = {2015},
	Url = {www.distritec.com.br}
}

@manual{volvo,
Author = {Jornal do Carro},
Title = {Volvo tem um novo sistema anticolisão},
Year = {2015},
Address = {São Paulo, Brasil},
Url = {http://www.estadao.com.br/jornal-do-carro/noticias/carros,volvo-tem-sistema-anticolisao,21324,0.htm}
}

@manual{sensoriamento,
Author = {Solda, R.},
Title = {Desenvolvimento de sistema de sensoriamento e comunicação para navegação de veículos autônomos},
Year = {2015},
Url = {http://maua.br/files/032015/202840644-DESENVOLVIMENTO-DE-SISTEMA-DE-SENSORIAMENTO-E-COMUNICACAO-PARA-NAVEGACAO-DE-VEICULOS-AUTONOMOS.pdf},
Address = {Escola de Engenharia Mauá – EEM}
}

@manual{iesam,
Author = {Pereira, C. C.},
Title = { Sistema de alerta de colisão},
Year = {2015},
Url = {http://www3.iesam-pa.edu.br/ojs/index.php/controle_auto/article/view/623/509},
Address = {Instituto de Estudos Superiores da Amazônia Curso de Engenharia de Controle e Automação – IESAM, Belém}
}

@manual{chevrolet,
Author = {Fagundes, D. Carplace},
Title = {Chevrolet desenvolve sistema anti-colisão para carros mais baratos},
Year = {2015},
Url = {http://carplace.uol.com.br/chevrolet-desenvolve-sistema-anti-colisao-para-carros-mais-baratos}

}

@manual{toyota,
Author = {Kleina, N},
Title = {Sistema anticolisão da Toyota usa radar para prever acidentes},
Year = {2015},
Url = {http://www.tecmundo.com.br/seguranca/11815-sistema-anticolisao-da-toyota-usa-radar-para-prever-acidentes.htm.}

}
@manual{usp,
Author = {Bertoldi, E},
Title = {Sistema Anti-colisão de alerta ao motorista com o uso de estímulo auditivo e háptico},
Year = {2011},
Address = {Universidade de São Paulo – USP}
}
@manual{sensorLaserDML40,
Author = {COSTA, Américo Henrique P.},
Title = {Manual do Planejamento de Acessibilidades e Transportes – Engenharia de Tráfego: Conceitos Básicos},
Year = {2008}
}
@manual{codigoTransitoBrasileiro,
Author = {BRASIL},
Title = {Código de Trânsito Brasileiro (CTB). Lei Nº 9.503},
Year = {1997},
 Address = {Subchefia para Assuntos Jurídicos. Brasília}
}
@manual{dataSheetDML40,
Author = {Distritec},
Title = {Data Sheet do Sensor DML40-2-1111 da Empresa SICK Sensor Intelligence},
Year = {2015},
Url = {https://www.sick.com/media/pdf/6/26/126/dataSheet_DML40-2-1111_1027607_en.pdf}

}
@manual{Sistema_de_posicionamento_global,
Title = {Sistema de posicionamento global},
Year = {2015},
Url = {pt.wikipedia.org/wiki/Sistema_de_posicionamento_global}

}
@manual{transponderVDL4000,
Author = {CNS Systems},
Title = {VDL 4000/VTE},
Year = {2014},
Url = {www.cns.se/virtupload/content/5/CNSS_07_1353_G_VDL_4000_GA.pdf},
Address = {CNS Systems Canada}
}
@manual{transponderVDLGA,
Author = {CNS Systems},
Title = {VDL 4000 GA},
Year = {2015},
Url = {www.cns.se/virtupload/content/5/CNSS_07_1352_H_VDL_4000_VTE.pdf},
Address = {CNS Systems Canada}
}

@manual{acidentesDeTransitoNoBrasil,
Author = {Globo},
Title = {Acidentes de Transito no Brasil Custam Milhões},
Year = {2015},
Url = {http://g1.globo.com/Noticias/Economia_Negocios/0,,AA1378660-9356,00-ACIDENTES+DE+TRANSITO+NO+BRASIL+CUSTAM+R+BILHOES+POR+ANO.htmlw}
}

@manual{custos_acidentes_transito,
Author = {Detran},
Title = {Impactos sociais e econômicos dos acidentes de trânsito nas rodovias brasileiras},
Year = {2015},
Url = {http://www.denatran.gov.br/publicacoes/download/custos_acidentes_transito.pdf}
}
@manual{fatoresCondicionantesGravidade,
Author = {Ieda Maria de Oliveira Lima},
Title = {FATORES CONDICIONANTES DA GRAVIDADE DOS ACIDENTES DE TRÂNSITO NAS RODOVIAS BRASILEIRAS},
Year = {2008},
Url = {http://www.ipea.gov.br/portal/images/stories/PDFs/TDs/td_1344.pdf}

}
@manual{brasilTemMaisVitimasDeTransito,
Author = {ONSV},
Title = {Brasil tem mais vítimas de Transito do que de cancer},
Year = {2015},
Url = {http://www.onsv.org.br/noticias/brasil-tem-mais-vitimas-de-acidentes-de-transito-do-que-cancer-informa-estudo/}
}

@manual{manifestoAgil,
Author = {Beck},
Title = {Manifesto para Desenvolvimento Ágil de Software},
Year = {2014},
Url = {http://agilemanifesto.org/iso/ptbr/}
}
@manual{pressman,
Author = {PRESSMAN, R. S.},
Title = {Engenharia de software: uma abordagem profissional},
Year = {2011},

}
@manual{soares,
Author = {M. dos S. Soares},
Title = {Comparação entre metodologias Ágeis e tradicionais para o desenvolvimento de software},
Year = {2004},
}

@manual{dubakov,
Author = {M. Dubakov e P. Stevens},
Title = {Agile Tools: The Good, the Bad and the Ugly},
Year = {2008},
}

@manual{guiaScrum,
Author = { Ken Schwaber, Jeff Sutherland},
Title = {Guia do Scrum},
Year = {2013},
Url = {http://www.scrumguides.org/docs/scrumguide/v1/Scrum-Guide-Portuguese-BR.pdf}
}
